/home/mathieu/Documents/tek/bib/Icosahedral order dynamics.bib